@book{walker2009,
  author = {Walker, Matthew},
  year = {2009},
  title = {Why We Sleep: Unlocking the Power of Sleep and Dreams},
  publisher = {Scribner}
}

@article{killgore2010,
  author = {Killgore, William D. S.},
  year = {2010},
  title = {Effects of sleep deprivation on cognition},
  journal = {Progress in Brain Research},
  volume = {185},
  pages = {105--129}
}

@article{banks2007,
  author = {Banks, Siobhan and Dinges, David F.},
  year = {2007},
  title = {Behavioral and physiological consequences of sleep restriction},
  journal = {Journal of Clinical Sleep Medicine},
  volume = {3},
  number = {5},
  pages = {519--528}
}