@book{book_key,
	address = {City},
	publisher = {Publisher},
	author = {Smith, John},
	title = {Book title},
	year = {2012},
	volume = {3},
	series = {2},
	edition = {1},
	pages = {123--200},
	month = {1}
}

@article{article_key,
	address = {City},
	publisher = {Publisher},
	author = {Smith, James},
	title = {Article title},
	year = {2013},
	volume = {14},
	number = {6},
	pages = {1--8},
	month = {3}
}

@article{stahl2006software,
  title={Software for generating psychological experiments},
  author={Stahl, Christoph},
  journal={Experimental Psychology},
  volume={53},
  number={3},
  pages={218--232},
  year={2006},
  publisher={Hogrefe \& Huber Publishers}
}

@article{stoet2010psytoolkit,
  title={PsyToolkit: A software package for programming psychological experiments using Linux},
  author={Stoet, Gijsbert},
  journal={Behavior research methods},
  volume={42},
  number={4},
  pages={1096--1104},
  year={2010},
  publisher={Springer}
}

@article{stoet2017psytoolkit,
  title={PsyToolkit: A novel web-based method for running online questionnaires and reaction-time experiments},
  author={Stoet, Gijsbert},
  journal={Teaching of Psychology},
  volume={44},
  number={1},
  pages={24--31},
  year={2017},
  publisher={Sage Publications Sage CA: Los Angeles, CA}
}

@article{kim2019testing,
  title={Testing the effectiveness of the Internet-based instrument PsyToolkit: A comparison between web-based (PsyToolkit) and lab-based (E-Prime 3.0) measurements of response choice and response time in a complex psycholinguistic task},
  author={Kim, Jonathan and Gabriel, Ute and Gygax, Pascal},
  journal={PloS one},
  volume={14},
  number={9},
  pages={e0221802},
  year={2019},
  publisher={Public Library of Science San Francisco, CA USA}
}


%----- INTRODUCTION TO GIT
@article{cassidy2013reinhart,
  title={The Reinhart and Rogoff controversy: A summing up},
  author={Cassidy, John},
  journal={The New Yorker},
  volume={26},
  year={2013}
}